<record><leader>00000cas a22000007a 4500</leader><controlfield tag="001">15728682</controlfield><controlfield tag="008">870523d18uu1896iauwr ne      0    0eng d</controlfield><datafield ind1=" " ind2=" " tag="010"><subfield code="a">sn 87057387 </subfield></datafield><datafield ind1=" " ind2=" " tag="040"><subfield code="a">INP</subfield><subfield code="b">eng</subfield><subfield code="c">INP</subfield><subfield code="d">OCLCQ</subfield></datafield><datafield ind1=" " ind2=" " tag="042"><subfield code="a">msc</subfield></datafield><datafield ind1="0" ind2="4" tag="245"><subfield code="a">The Adair weekly news.</subfield></datafield><datafield ind1="1" ind2="3" tag="246"><subfield code="a">Adair news</subfield><subfield code="f">&lt;July 20, 1893&gt;-Dec. 25, 1896</subfield></datafield><datafield ind1=" " ind2=" " tag="260"><subfield code="a">Adair, Iowa :</subfield><subfield code="b">J.W. Kitch,</subfield><subfield code="c">-1896.</subfield></datafield><datafield ind1=" " ind2=" " tag="300"><subfield code="a">v. :</subfield><subfield code="b">ill. ;</subfield><subfield code="c">55 cm.</subfield></datafield><datafield ind1=" " ind2=" " tag="310"><subfield code="a">Weekly</subfield></datafield><datafield ind1="0" ind2=" " tag="362"><subfield code="a">-v. 15. no. 43 (Dec. 25, 1896).</subfield></datafield><datafield ind1=" " ind2=" " tag="500"><subfield code="a">Publisher varies.</subfield></datafield><datafield ind1=" " ind2=" " tag="588"><subfield code="a">Description based on: Vol. 12, no. 21 (July 20, 1893).</subfield></datafield><datafield ind1=" " ind2=" " tag="752"><subfield code="a">United States</subfield><subfield code="b">Iowa</subfield><subfield code="c">Adair</subfield><subfield code="d">Adair.</subfield></datafield><datafield ind1="0" ind2="0" tag="780"><subfield code="t">Adair news (Adair, Iowa : 1882)</subfield><subfield code="w">(DLC)sn 87057386</subfield></datafield><datafield ind1="0" ind2="0" tag="785"><subfield code="t">Adair news (Adair, Iowa : 1897)</subfield><subfield code="w">(DLC)sn 85050964</subfield></datafield></record>